<?xml version="1.0" encoding="utf-8"?>
<record xmlns="http://www.loc.gov/MARC21/slim" xmlns:xsi="http://www.w3.org/2001/XMLSchema-instance" xsi:schemaLocation="http://www.loc.gov/MARC21/slim http://www.loc.gov/standards/marcxml/schema/MARC21slim.xsd">
	<leader>     nam a22        4500</leader>
	<controlfield tag="001">2957750</controlfield>
	<controlfield tag="003">NNC</controlfield>
	<controlfield tag="006">m        d        </controlfield>
	<controlfield tag="007">cr cn |||m|||a</controlfield>
	<controlfield tag="008">170607m19541962ua h    ob    000 0 arar </controlfield>
	<datafield ind1=" " ind2=" " tag="040">
		<subfield code="a">NNU</subfield>
		<subfield code="b">eng</subfield>
		<subfield code="c">NNU</subfield>
	</datafield>
	<datafield ind1=" " ind2=" " tag="050">
		<subfield code="a">BP131.3</subfield>
		<subfield code="b">.A22</subfield>
	</datafield>
	<datafield ind1="0" ind2=" " tag="100">
		<subfield code="a">Abū ʻUbaydah Maʻmar ibn al-Muthanná al-Taymī,</subfield>
		<subfield code="d">728?-824?</subfield>
	</datafield>
	<datafield ind1="1" ind2="0" tag="245">
		<subfield code="a">Majāz al-Qurʾān</subfield>
		<subfield code="h">[electronic resource] /</subfield>
		<subfield code="c">ṣanʻat Abī ʻUbaydahʾ Maʻmar ibn al-Muthannā al-Taymī. ʻĀraḍahu bi-ʾuṣūlihi wa-ʻallaqa ʻalayhi Muḥammad Fuʾād Sazgīn.</subfield>
	</datafield>
	<datafield ind1=" " ind2=" " tag="250">
		<subfield code="a">al-Ṭabʻah 1.</subfield>
	</datafield>
	<datafield ind1=" " ind2=" " tag="260">
		<subfield code="a">Miṣr,</subfield>
		<subfield code="b">al-Khānjī,</subfield>
		<subfield code="c">[1954-62]</subfield>
	</datafield>
	<datafield ind1=" " ind2=" " tag="300">
		<subfield code="a">online resource (2 v.) :</subfield>
		<subfield code="b">facsims.</subfield>
	</datafield>
	<datafield ind1=" " ind2=" " tag="500">
		<subfield code="a">Part of the Arabic Collections Online (ACO) project, contributed by Columbia University Libraries.</subfield>
	</datafield>
	<datafield ind1=" " ind2=" " tag="504">
		<subfield code="a">Bibliography: v. 1, p. 29-45 (1st group)</subfield>
	</datafield>
	<datafield ind1=" " ind2=" " tag="533">
		<subfield code="a">Electronic reproduction.</subfield>
		<subfield code="b">New York, N.Y. :</subfield>
		<subfield code="c">New York University,</subfield>
		<subfield code="d">2017.</subfield>
		<subfield code="5">NNU</subfield>
	</datafield>
	<datafield ind1=" " ind2="0" tag="650">
		<subfield code="a">Figures of speech.</subfield>
	</datafield>
	<datafield ind1="0" ind2="0" tag="630">
		<subfield code="a">Qurʼan</subfield>
		<subfield code="x">Language, style.</subfield>
	</datafield>
	<datafield ind1="2" ind2=" " tag="710">
		<subfield code="a">Columbia University.</subfield>
		<subfield code="b">Libraries.</subfield>
	</datafield>
	<datafield ind1="0" ind2=" " tag="730">
		<subfield code="a">Arabic Collections Online.</subfield>
	</datafield>
	<datafield ind1="0" ind2="8" tag="776">
		<subfield code="i">Print version:</subfield>
		<subfield code="a">Abū ʻUbaydah Maʻmar ibn al-Muthanná al-Taymī, 728?-824?</subfield>
		<subfield code="t">Majāz al-Qurʾān</subfield>
		<subfield code="w">(NNC)2957750</subfield>
		<subfield code="w">(DLC)ne 63001999 </subfield>
	</datafield>
	<datafield ind1="4" ind2="0" tag="856">
		<subfield code="u">http://hdl.handle.net/2333.1/z8w9gpr9</subfield>
	</datafield>
	<datafield ind1=" " ind2=" " tag="959">
		<subfield code="a">NNU</subfield>
		<subfield code="b">WEB</subfield>
		<subfield code="c">GENI</subfield>
		<subfield code="t">0</subfield>
		<subfield code="m">Electronic access</subfield>
		<subfield code="s">01</subfield>
	</datafield>
	<datafield ind1=" " ind2=" " tag="999">
		<subfield code="i">NNC_2957750</subfield>
		<subfield code="s">columbia_aco002388:v.1</subfield>
		<subfield code="e">(ERROR-880)</subfield>
	</datafield>
</record>
